@Article{rt1,
AUTHOR = {Kim, Min-Jeong},
TITLE = {Building a Cardiovascular Disease Prediction Model for Smartwatch Users Using Machine Learning: Based on the Korea National Health and Nutrition Examination Survey},
JOURNAL = {Biosensors},
VOLUME = {11},
YEAR = {2021},
NUMBER = {7},
ARTICLE-NUMBER = {228},
URL = {https://www.mdpi.com/2079-6374/11/7/228},
ISSN = {2079-6374},
DOI = {10.3390/bios11070228}
}

@article{rt2,
title = {Detection of common risk factors for diagnosis of cardiac arrhythmia using machine learning algorithm},
journal = {Expert Systems with Applications},
volume = {163},
pages = {113807},
year = {2021},
issn = {0957-4174},
doi = {https://doi.org/10.1016/j.eswa.2020.113807},
url = {https://www.sciencedirect.com/science/article/pii/S0957417420306229},
author = {Samir S. Yadav and Shivajirao M. Jadhav},
keywords = {Cardiac arrhythmia, Machine learning, Random forest, MIMIC-III database, Electrocardiogram},
}

@article{rt3,
    author = {Hjalmarson, Ã…ke},
    title = "{Heart rate: an independent risk factor in cardiovascular disease}",
    journal = {European Heart Journal Supplements},
    volume = {9},
    number = {suppl_F},
    pages = {F3-F7},
    year = {2007},
    month = {09},
    issn = {1520-765X},
    doi = {10.1093/eurheartj/sum030},
    url = {https://doi.org/10.1093/eurheartj/sum030},
    eprint = {https://academic.oup.com/eurheartjsupp/article-pdf/9/suppl\_F/F3/1107247/sum030.pdf},
}

@article{rt4,
author={Wang, Chen and Pun, Thierry and Chanel, Guillaume},   
title={A Comparative Survey of Methods for Remote Heart Rate Detection From Frontal Face Videos},      
journal={Frontiers in Bioengineering and Biotechnology},      
	
volume={6},      

pages={33},     
	
year={2018},      
	  
url={https://www.frontiersin.org/article/10.3389/fbioe.2018.00033},       
	
doi={10.3389/fbioe.2018.00033},      
	
issn={2296-4185},   
   
}

@article{rt5,
  title={ Comparative Survey of Methods for Remote Heart Rate Detection From Frontal Face Videos},
  author={Wang C, Pun T, Chanel G},
  journal={Front Bioeng Biotechnol},
  DOT={10.3389/fbioe.2018.00033}
}

@article{rt6,
  title={Heart rate as a risk factor for cardiovascular disease},
  author={Perret-Guillaume C, Joly L, Benetos A.},
  journal={Prog Cardiovasc Dis},
  DOT={10.1016/j.pcad.2009.05.003}
}

@article{rt7,  author={Mohan, Senthilkumar and Thirumalai, Chandrasegar and Srivastava, Gautam},  journal={IEEE Access},   title={Effective Heart Disease Prediction Using Hybrid Machine Learning Techniques},   year={2019},  volume={7},  number={},  pages={81542-81554},  doi={10.1109/ACCESS.2019.2923707}}

@article{rt8,  author={Javeed, Ashir and Zhou, Shijie and Yongjian, Liao and Qasim, Iqbal and Noor, Adeeb and Nour, Redhwan},  journal={IEEE Access},   title={An Intelligent Learning System Based on Random Search Algorithm and Optimized Random Forest Model for Improved Heart Disease Detection},   year={2019},  volume={7},  number={},  pages={180235-180243},  doi={10.1109/ACCESS.2019.2952107}}

@article{linkdata,
url={https://www.kaggle.com/ronitf/heart-disease-uci}}